%%%%%%%%%%%%%%%%%%%%%%%%%%%%%%%%%%%%%%%%%%%%%%%%%%%%%%%%%%%%%%%%%%%%%%%%%%%%%%%%
%%%%%%%%%%%%%%%%%%%% INSERINDO COMENTÁRIOS EM ARQUIVOS .bib %%%%%%%%%%%%%%%%%%%%
%%%%%%%%%%%%%%%%%%%%%%%%%%%%%%%%%%%%%%%%%%%%%%%%%%%%%%%%%%%%%%%%%%%%%%%%%%%%%%%%
%
% 1. Como em outros arquivos LaTeX, comentários são iniciados por "%" e,
%    portanto, é preciso usar "\%" para imprimir o caractere "%". Esquecer
%    disso pode gerar erros difíceis de encontrar!
%
% 2. Não é possível inserir comentários dentro de uma entrada, apenas fora.
%
% 3. Não é possível incluir o caractere arroba em um comentário.
%
% 4. Se quiser desabilitar temporariamente um campo ("comentar" o campo),
%    troque seu nome para algum nome inválido, como "author-disable".
%    Se quiser fazer alguma observação permanente dentro de uma entrada,
%    você também pode usar algum nome de campo inválido, como "lembrete",
%    ou usar o campo "annotation", que normalmente é ignorado.
%
% 5. Se quiser desabilitar temporariamente uma entrada inteira ("comentar" a
%    entrada), não basta colocar "%" nas linhas correspondentes por causa do
%    caractere arroba; também é preciso remover a arroba.
%
% 6. Na verdade, as regras não são bem essas, mas segui-las é uma boa ideia:
%    https://tex.stackexchange.com/a/262282
%
% Por exemplo, esta entrada está comentada, ou seja, não tem efeito: se
% houvesse uma referência a ela no texto, a referência ficaria inválida.
% Observe que, para isso, o caractere arroba foi apagado!
%
%Book{JW82,
% author    = {Richard A. Johnson and Dean W. Wichern},
% title     = {Applied Multivariate Statistical Analysis},
% publisher = {Prentice-Hall},
% year      = {1983}
%}


%%%%%%%%%%%%%%%%%%%%%%%%%%%%%%%%%%%%%%%%%%%%%%%%%%%%%%%%%%%%%%%%%%%%%%%%%%%%%%%%
%%%%%%%%%%%%%%%%%%%%%%%%%%%%%%% O CAMPO "MONTH" %%%%%%%%%%%%%%%%%%%%%%%%%%%%%%%%
%%%%%%%%%%%%%%%%%%%%%%%%%%%%%%%%%%%%%%%%%%%%%%%%%%%%%%%%%%%%%%%%%%%%%%%%%%%%%%%%
%
% biblatex prefere o uso do campo "date" para definir ano, mês etc. No
% entanto, se você quiser garantir compatibilidade tanto com biblatex
% quanto com bibtex, use os campos "year" e "month". Ambos reconhecem
% diversos formatos para o campo "month", mas apenas um funciona
% corretamente com os dois: o nome do mês em inglês, abreviado com três
% letras minúsculas e sem chaves, ou seja:
%
% ...
% author = {Somebody},
% year = {2011},
% month = oct,
% title = {Some title},
% ...


%%%%%%%%%%%%%%%%%%%%%%%%%%%%%%%%%%%%%%%%%%%%%%%%%%%%%%%%%%%%%%%%%%%%%%%%%%%%%%%%

% Esta entrada não está em uso em tese.tex, apenas em
% apresentacao.tex, mas isso não é um problema: você pode
% ter um banco de dados com todos os papers que são de seu
% interesse e, em um dado texto, citar apenas alguns deles.

% ----------------------------------
% report economico falando dos pibs da pag da cbic

@online{cbic-report,
  author = {Ieda Vasconcelos},
  url   = {https://cbic.org.br/wp-content/uploads/2022/03/informativo-economico-pib-04-marco-2022.pdf},
  title  = {Informativo Econômico PIB},
  year   = {2022},
}
@book{Goodfellow-et-al-2016,
    title={Deep Learning},
    author={Ian Goodfellow and Yoshua Bengio and Aaron Courville},
    publisher={MIT Press},
    note={\url{http://www.deeplearningbook.org}},
    year={2016},
}
@book{forecasting,
    author={Hyndman, Rob J and Athanasopoulos, George},
    year={2021},
    title={Forecasting: principles and practice},
    edition={3},
    publisher={OTexts}, 
    place={Melbourne, Australia},
    note={OTexts.com/fpp3. Accessed on 17 December 2022}
}
@book{dl-oreilly,
    title={Deep Learning: A practitioner's approach},
    author={Josh Patterson and Adam Gibson}
}
@book{aima,
    title={Artificial Intelligence: A Modern Approach, third edition},
    author={Stuart J. Russell and Peter Norvig}
}
@article{netflix, 
    title={Deep Learning for Recommender Systems: A Netflix Case Study}, 
    volume={42}, 
    url={https://ojs.aaai.org/index.php/aimagazine/article/view/18140}, 
    DOI={10.1609/aimag.v42i3.18140},
    number={3}, 
    journal={AI Magazine}, 
    author={Steck, Harald and Baltrunas, Linas and Elahi, Ehtsham and Liang, Dawen and Raimond, Yves and Basilico, Justin}, 
    year={2021}, month={Nov.}, pages={7-18} 
}
@book{poole,
    title={Computational Intelligence: A Logical Approach},
    author={David Poole and Alan Mackworth and Randy Goebel},
    publisher={Oxford University Press},
    year={1998}
}
@article{turing,
  author          = {A. M. Turing},
  journal         = {Mind},
  number          = {236},
  title           = {Computing Machinery and Intelligence},
  volume          = {59},
  year            = {1950}
}
@article{d2l,
    title={Dive into Deep Learning},
    author={Zhang, Aston and Lipton, Zachary C. and Li, Mu and Smola, Alexander J.},
    journal={arXiv preprint arXiv:2106.11342},
    year={2021}
}
@book{deeplearningbook,
  author         = {Data Science Academy},
  title          = {Deep Learning Book},
  year           = {2022},
  note           = {disponível em: 
  \url{https://www.deeplearningbook.com.br}. 
  Acesso em: 17 Dezembro. 2022.}
}